@misc{Basicspinmanual,
 author = {Holzmann, Gerard J.},
 title = {Spin - Formal verification},
 url = {https://spinroot.com/spin/Man/Manual.html},
 lastchecked = {03.08.2017}
}

@book{ben2008principles,
  title={Principles of the Spin Model Checker},
  author={Ben-Ari, M.},
  isbn={9781846287701},
  lccn={2007941384},
  url={https://books.google.it/books?id=eVTN8UanIGcC},
  year={2008},
  publisher={Springer London}
}

